<?xml version="1.0" encoding="UTF-8"?><record xmlns="http://www.loc.gov/MARC21/slim" xmlns:cinclude="http://apache.org/cocoon/include/1.0" xmlns:zs="http://www.loc.gov/zing/srw/">
  <leader>00621cz  a2200145n  4500</leader>
  <controlfield tag="001">n  85825897 </controlfield>
  <controlfield tag="003">DLC</controlfield>
  <controlfield tag="005">19950729060357.1</controlfield>
  <controlfield tag="008">851120n| acannaab|          |n aaa      </controlfield>
  <datafield tag="010" ind1=" " ind2=" ">
    <subfield code="a">n  85825897 </subfield>
  </datafield>
  <datafield tag="035" ind1=" " ind2=" ">
    <subfield code="a">(OCoLC)oca01441991 </subfield>
  </datafield>
  <datafield tag="040" ind1=" " ind2=" ">
    <subfield code="a">DLC</subfield>
    <subfield code="c">DLC</subfield>
    <subfield code="d">DLC</subfield>
    <subfield code="d">MoSU-L</subfield>
  </datafield>
  <datafield tag="100" ind1="1" ind2="0">
    <subfield code="a">Kane, Robert Romney</subfield>
  </datafield>
  <datafield tag="670" ind1=" " ind2=" ">
    <subfield code="a">nuc85-68848: Richey, A.G. A short history of the Irish people [MI] 1887</subfield>
    <subfield code="b">(hdg. on CtY rept.: Kane, Robert Romeny; usage: Robert Romeny Kane)</subfield>
  </datafield>
  <datafield tag="670" ind1=" " ind2=" ">
    <subfield code="a">The statutes relating to the law of landlord and tenant and land purchase in Ireland ... 1898:</subfield>
    <subfield code="b">t.p. (Robert Romney Kane, barrister-at-law, county court judge)</subfield>
  </datafield>
</record>